<record><leader>00000cas a22000007a 4500</leader><controlfield tag="001">15337986</controlfield><controlfield tag="008">870318d18941937inuwr ne      0    0eng d</controlfield><datafield ind1=" " ind2=" " tag="010"><subfield code="a">sn 87055660 </subfield></datafield><datafield ind1=" " ind2=" " tag="040"><subfield code="a">NPI</subfield><subfield code="b">eng</subfield><subfield code="c">NPI</subfield><subfield code="d">OCLCQ</subfield></datafield><datafield ind1=" " ind2=" " tag="042"><subfield code="a">msc</subfield></datafield><datafield ind1="0" ind2="4" tag="245"><subfield code="a">The Greentown gem.</subfield></datafield><datafield ind1=" " ind2=" " tag="260"><subfield code="a">Greentown, Ind. :</subfield><subfield code="b">John W. Melton</subfield></datafield><datafield ind1=" " ind2=" " tag="310"><subfield code="a">Weekly</subfield></datafield><datafield ind1="1" ind2=" " tag="362"><subfield code="a">Began in 1894; ceased in May 1937.</subfield></datafield><datafield ind1=" " ind2=" " tag="588"><subfield code="a">Description based on: 19th year, no. 2 (Sept. 9, 1912).</subfield></datafield><datafield ind1=" " ind2=" " tag="752"><subfield code="a">United States</subfield><subfield code="b">Indiana</subfield><subfield code="c">Howard</subfield><subfield code="d">Greentown.</subfield></datafield><datafield ind1="0" ind2="7" tag="785"><subfield code="t">Kokomo times</subfield></datafield><datafield ind1="0" ind2="7" tag="785"><subfield code="t">Howard County news (Greentown, Ind. : 1937)</subfield><subfield code="w">(DLC)sn 87055668</subfield></datafield></record>